@misc{qemusyst32:online,
	author = {},
	title = {qemu-system-x86\_64(1) — qemu-system-x86 — Debian jessie — Debian Manpages},
	howpublished = {\url{https://manpages.debian.org/jessie/qemu-system-x86/qemu-system-x86_64.1.en.html}},
	month = {},
	year = {},
	note = {(Accessed on 04/19/2017)}
}

@misc{LinuxMan31:online,
	author = {},
	title = {Linux Manpages Online - man.cx manual pages},
	howpublished = {\url{https://man.cx/qemu-system-x86_64(1)}},
	month = {},
	year = {},
	note = {(Accessed on 04/19/2017)}
}