@misc{qemusyst32:online,
	author = {Matsumoto, Makoto and Nishimura, Takuji.},
	title = {qemu-system-x86\_64(1) — qemu-system-x86 — Debian jessie — Debian Manpages},
	howpublished = {\url{http://www.math.sci.hiroshima-u.ac.jp/~m-mat/MT/MT2002/CODES/mt19937ar.c}},
	month = {},
	year = {},
	note = {(Accessed on 04/13/2018)}
}

}
